@article{Dermeval2015,
author = {Dermeval, Diego and Vilela, J{\'{e}}ssyka and Bittencourt, Ig Ibert and Castro, Jaelson and Isotani, Seiji and Brito, Patrick and Silva, Alan},
doi = {10.1007/s00766-015-0222-6},
isbn = {0947-3602},
issn = {0947-3602},
journal = {Requirements Engineering},
month = {nov},
number = {4},
pages = {405--437},
title = {{Applications of Ontologies in Requirements Engineering: A Systematic Review of the Literature}},
volume = {21},
year = {2015}
}